
@article{doolittle2000uprooting,
  title={Uprooting the tree of life},
  author={Doolittle, W Ford},
  journal={Scientific American},
  volume={282},
  number={2},
  pages={90--95},
  year={2000},
  publisher={JSTOR}
}

@article{glansdorff2008last,
  title={The last universal common ancestor: emergence, constitution and genetic legacy of an elusive forerunner},
  author={Glansdorff, Nicolas and Xu, Ying and Labedan, Bernard},
  journal={Biology direct},
  volume={3},
  number={1},
  pages={29},
  year={2008},
  publisher={BioMed Central}
}
